
@book{leskovec_mining_2014,
	title = {Mining of massive datasets},
	urldate = {2015-05-27},
	publisher = {Cambridge University Press},
	author = {Leskovec, Jure and Rajaraman, Anand and Ullman, Jeffrey David},
	year = {2014},
	file = {Leskovec, Rajaraman, Ullman - Mining of Massive Datasets.pdf:/home/mbc/.zotero/zotero/c96c6e48.default/zotero/storage/KIKC8V4Q/Leskovec, Rajaraman, Ullman - Mining of Massive Datasets.pdf:application/pdf}
}