
@book{leskovec_mining_2014,
	title = {Mining of massive datasets},
	urldate = {2015-05-27},
	publisher = {Cambridge University Press},
	author = {Leskovec, Jure and Rajaraman, Anand and Ullman, Jeffrey David},
	year = {2014},
	file = {Leskovec, Rajaraman, Ullman - Mining of Massive Datasets.pdf:/home/mbc/.zotero/zotero/c96c6e48.default/zotero/storage/KIKC8V4Q/Leskovec, Rajaraman, Ullman - Mining of Massive Datasets.pdf:application/pdf}
}

@article{harper2016movielens,
  title={The movielens datasets: History and context},
  author={Harper, F Maxwell and Konstan, Joseph A},
  journal={ACM Transactions on Interactive Intelligent Systems (TiiS)},
  volume={5},
  number={4},
  pages={19},
  year={2016},
  publisher={ACM}
}

@inproceedings{ziegler2005improving,
  title={Improving recommendation lists through topic diversification},
  author={Ziegler, Cai-Nicolas and McNee, Sean M and Konstan, Joseph A and Lausen, Georg},
  booktitle={Proceedings of the 14th international conference on World Wide Web},
  pages={22--32},
  year={2005},
  organization={ACM}
}

@inproceedings{Cremonesi:2010:PRA:1864708.1864721,
 author = {Cremonesi, Paolo and Koren, Yehuda and Turrin, Roberto},
 title = {Performance of Recommender Algorithms on Top-n Recommendation Tasks},
 booktitle = {Proceedings of the Fourth ACM Conference on Recommender Systems},
 series = {RecSys '10},
 year = {2010},
 isbn = {978-1-60558-906-0},
 location = {Barcelona, Spain},
 pages = {39--46},
 numpages = {8},
 url = {http://doi.acm.org/10.1145/1864708.1864721},
 doi = {10.1145/1864708.1864721},
 acmid = {1864721},
 publisher = {ACM},
 address = {New York, NY, USA},
 keywords = {evaluation, precision, recall, top-n recommendations},
}
